
@misc{postgresql_doc,
	title = {{PostgreSQL} : Документация: 10: Документация к {PostgreSQL} 10.13},
	shorttitle = {{PostgreSQL}},
	url = {https://postgrespro.ru/docs/postgresql/10/index},
	language = {ru},
	author = {{Компания «Постгрес Профессиональный»}},
	urldate = {2020-06-04} 
}

@misc{docker_doc,
	title = {Orientation and setup},
	url = {https://docs.docker.com/get-started/},
	abstract = {Get oriented on some basics of Docker and install Docker Desktop.},
	language = {en},
	journal = {Docker Documentation},
	author = {{Docker Team}},
	month = jun,
	year = {2020},
	urldate = {2020-06-08} 
}

@misc{docker_compose_doc,
	title = {Get started with {Docker} {Compose}},
	url = {https://docs.docker.com/compose/gettingstarted/},
	abstract = {Get started with Docker Compose},
	language = {en},
	journal = {Docker Documentation},
	author = {{Docker Team}},
	month = jun,
	year = {2020},
	urldate = {2020-06-08} 
}

@misc{vue_doc,
	title = {Введение — {Vue}.js},
	url = {https://ru.vuejs.org/v2/guide/index.html},
	abstract = {Vue.js — Прогрессивный JavaScript-фреймворк},
	language = {ru},
	author = {You, Evan},
	urldate = {2020-06-09} 
}

@misc{bootstrap_doc,
	title = {Getting {Started} with BootstrapVue},
	url = {https://bootstrap-vue.org},
	language = {en},
	journal = {BootstrapVue},
	author = {Parsa, Pooya},
	urldate = {2020-06-09} 
}

@misc{pug_doc,
	title = {Getting {Started} – {Pug}},
	url = {https://pugjs.org/api/getting-started.html},
	author = {Lindesay, Forbes},
	urldate = {2020-06-10} 
}

@misc{mmcs_gitlab,
	title = {Gitlab ИТ лаборатории Мехмата},
	url = {http://gitlab.mmcs.sfedu.ru/it-lab},
	abstract = {Группа разработчиков студенческой ИТ-лаборатории мехмата.},
	language = {en},
	journal = {GitLab},
	urldate = {2020-06-01} 
}

@misc{google_calendar,
	title = {Cправка - Google Календарь},
	url = {https://support.google.com/calendar?hl=ru},
	urldate = {2020-06-06}, 
}

@misc{yandex_calendar,
	type = {concept},
	title = {О Яндекс.Календаре - Яндекс.Календарь. Справка},
	url = {https://yandex.ru/support/calendar/common/index.html},
	language = {ru},
	urldate = {2020-06-06}
}

@misc{habr_documenting,
	title = {Документирование в разработке ПО},
	url = {https://habr.com/ru/post/215837/},
	abstract = {INTRO Добрый день, уважаемое сообщество. Позвольте представиться. Я бизнес-аналитик, уже десять лет работаю в области разработки заказного программного обеспечен...},
	language = {ru},
	urldate = {2020-06-01} 
}

@misc{protesting,
	title = {Про Тестинг - Тестирование программного обеспечения - {Software} testing},
	url = {http://www.protesting.ru/testing/},
	urldate = {2020-06-10} 
}

@misc{habr_testing,
	title = {Заменяем тестирование алгоритмов тестированием вносимых эффектов},
	url = {https://habr.com/ru/post/315114/},
	abstract = {Как и ожидал, правило 8 о том, что не тестируем алгоритм методов в статье "Правила внедрения TDD в старом проекте" вызвало больше всего вопросов «как» и «зачем».},
	language = {ru},
	urldate = {2020-06-10} 
}

@misc{RFC5545,
	author = {B. Desruisseaux},
	title = {Internet Calendaring and Scheduling Core Object Specification (iCalendar)},
	howpublished = {Internet Requests for Comments},
	type = {RFC},
	number = {5545},
	year = {2009},
	month = {September},
	issn = {2070-1721},
	publisher = {RFC Editor},
	institution = {RFC Editor},
	url = {https://tools.ietf.org/html/rfc5545},
	urldate = {2020-06-03}
}

@misc{rottmann_apidoc_2020,
	title = {apidoc},
	url = {https://www.npmjs.com/package/apidoc},
	abstract = {RESTful web API Documentation Generator},
	author = {Rottmann, Peter},
	month = may,
	year = {2020},
	urldate = {2020-06-11} 
}